<?xml version="1.0" encoding="UTF-8" ?><marc:record xmlns:marc="http://www.loc.gov/MARC21/slim"><marc:leader>00464nam a2200109   4500</marc:leader><marc:controlfield tag="001">1000005</marc:controlfield><marc:controlfield tag="008">100120s1849        enk       |00|| und d</marc:controlfield><marc:datafield tag="100" ind1="1" ind2=" "><marc:subfield code="a">Darwin, Charles.</marc:subfield></marc:datafield><marc:datafield tag="245" ind1="1" ind2="0"><marc:subfield code="a">Versuche und Beobachtungen über die Bastarderzeugung im Pflanzenreich. :</marc:subfield><marc:subfield code="b">[Supplementary material in Charles Darwin's copy].</marc:subfield></marc:datafield><marc:datafield tag="500" ind1=" " ind2=" "><marc:subfield code="a">Identifier: Gartner1849ne02U_MS.</marc:subfield></marc:datafield><marc:datafield tag="700" ind1="1" ind2=" "><marc:subfield code="a">Gärtner, C.F.</marc:subfield></marc:datafield><marc:datafield tag="772" ind1="0" ind2=" "><marc:subfield code="t">Versuche und Beobachtungen über die Bastarderzeugung im Pflanzenreich.</marc:subfield><marc:subfield code="o">Gartner1849ne02U</marc:subfield></marc:datafield></marc:record>